<record><leader>00000cas a22000007a 4500</leader><controlfield tag="001">24664045</controlfield><controlfield tag="008">911101d19191941ohuwr ne      0    0eng d</controlfield><datafield ind1=" " ind2=" " tag="010"><subfield code="a">sn 91069867 </subfield></datafield><datafield ind1=" " ind2=" " tag="040"><subfield code="a">ONP</subfield><subfield code="b">eng</subfield><subfield code="c">ONP</subfield><subfield code="d">DLC</subfield><subfield code="d">OCLCQ</subfield></datafield><datafield ind1=" " ind2=" " tag="042"><subfield code="a">msc</subfield></datafield><datafield ind1="0" ind2="4" tag="245"><subfield code="a">The Hoover newsy news.</subfield></datafield><datafield ind1=" " ind2=" " tag="260"><subfield code="a">[North Canton, Ohio :</subfield><subfield code="b">s.n.]</subfield></datafield><datafield ind1=" " ind2=" " tag="300"><subfield code="a">v.</subfield></datafield><datafield ind1=" " ind2=" " tag="310"><subfield code="a">Weekly</subfield></datafield><datafield ind1="1" ind2=" " tag="362"><subfield code="a">Began May 21, 1919; ceased in Dec. 1941.</subfield></datafield><datafield ind1=" " ind2=" " tag="500"><subfield code="a">"A weekly publication for the citizens of North Canton and the employees of The Hoover Suthan Sweeper Company."</subfield></datafield><datafield ind1=" " ind2=" " tag="588"><subfield code="a">Description based on: Vol. 2, no. 39 (June 20, 1919).</subfield></datafield><datafield ind1=" " ind2=" " tag="752"><subfield code="a">United States</subfield><subfield code="b">Ohio</subfield><subfield code="c">Stark</subfield><subfield code="d">North Canton.</subfield></datafield><datafield ind1="0" ind2="0" tag="780"><subfield code="t">Newsy news (New Berlin, Ohio)</subfield><subfield code="w">(DLC)sn 91069866</subfield></datafield><datafield ind1="0" ind2="0" tag="785"><subfield code="t">Newsy news (North Canton, Ohio)</subfield><subfield code="w">(DLC)sn 91069868</subfield></datafield></record>